<?xml version="1.0" encoding="utf-8"?>
<record xmlns="http://www.loc.gov/MARC21/slim" xmlns:xsi="http://www.w3.org/2001/XMLSchema-instance" xsi:schemaLocation="http://www.loc.gov/MARC21/slim http://www.loc.gov/standards/marcxml/schema/MARC21slim.xsd">
	<leader>     nam a22     Mi 4500</leader>
	<controlfield tag="001">2834968</controlfield>
	<controlfield tag="003">NjP</controlfield>
	<controlfield tag="006">m        d        </controlfield>
	<controlfield tag="007">cr cn |||m|||a</controlfield>
	<controlfield tag="008">201130s1916    ua      o     000 0 ara d</controlfield>
	<datafield ind1="7" ind2=" " tag="024">
		<subfield code="a">princeton_aco004192</subfield>
		<subfield code="2">local</subfield>
	</datafield>
	<datafield ind1=" " ind2=" " tag="040">
		<subfield code="a">ZYU</subfield>
		<subfield code="b">ara</subfield>
		<subfield code="c">ZYU</subfield>
	</datafield>
	<datafield ind1="1" ind2=" " tag="100">
		<subfield code="6">880-01</subfield>
		<subfield code="a">Ghazzālī,</subfield>
		<subfield code="d">1058-1111.</subfield>
		<subfield code="0">http://id.loc.gov/authorities/names/n82097778</subfield>
	</datafield>
	<datafield ind1="0" ind2="0" tag="245">
		<subfield code="6">880-02</subfield>
		<subfield code="a">Iḥyāʼ al-ʻUlūm</subfield>
		<subfield code="h">[electronic resource].</subfield>
	</datafield>
	<datafield ind1=" " ind2=" " tag="260">
		<subfield code="a">Cairo,</subfield>
		<subfield code="b">ʻArabiyyah Press,</subfield>
		<subfield code="c">1334 A.H. [i.e. 1916]</subfield>
	</datafield>
	<datafield ind1=" " ind2=" " tag="300">
		<subfield code="a">online resource (4 v.)</subfield>
	</datafield>
	<datafield ind1=" " ind2=" " tag="500">
		<subfield code="a">Part of the Arabic Collections Online (ACO) project, contributed by Princeton University Libraries.</subfield>
	</datafield>
	<datafield ind1=" " ind2=" " tag="533">
		<subfield code="a">Electronic reproduction.</subfield>
		<subfield code="b">New York, N.Y. :</subfield>
		<subfield code="c">New York University,</subfield>
		<subfield code="d">2020.</subfield>
		<subfield code="5">NNU</subfield>
	</datafield>
	<datafield ind1=" " ind2=" " tag="546">
		<subfield code="a">T.-p. and text in Arabic.</subfield>
	</datafield>
	<datafield ind1=" " ind2=" " tag="500">
		<subfield code="a">The renaissance of learning.</subfield>
	</datafield>
	<datafield ind1=" " ind2=" " tag="590">
		<subfield code="a">Photocopy.</subfield>
	</datafield>
	<datafield ind1="2" ind2=" " tag="710">
		<subfield code="a">Princeton University.</subfield>
		<subfield code="b">Library.</subfield>
	</datafield>
	<datafield ind1="0" ind2=" " tag="730">
		<subfield code="a">Arabic Collections Online.</subfield>
	</datafield>
	<datafield ind1="0" ind2="8" tag="776">
		<subfield code="i">Print version:</subfield>
		<subfield code="a">Ghazzālī, 1058-1111. http://id.loc.gov/authorities/names/n82097778</subfield>
		<subfield code="t">Iḥyāʼ al-ʻUlūm</subfield>
		<subfield code="w">(NjP)2834968</subfield>
	</datafield>
	<datafield ind1="4" ind2="0" tag="856">
		<subfield code="u">http://hdl.handle.net/2333.1/m0cfz0sx</subfield>
	</datafield>
	<datafield ind1="1" ind2=" " tag="880">
		<subfield code="6">100-01</subfield>
		<subfield code="a">غزالي،</subfield>
		<subfield code="d">1058-1111.</subfield>
	</datafield>
	<datafield ind1="0" ind2="0" tag="880">
		<subfield code="6">245-02</subfield>
		<subfield code="a">احياء العلوم.</subfield>
	</datafield>
	<datafield ind1=" " ind2=" " tag="911">
		<subfield code="a">20000220</subfield>
	</datafield>
	<datafield ind1=" " ind2=" " tag="959">
		<subfield code="a">NNU</subfield>
		<subfield code="b">WEB</subfield>
		<subfield code="c">GENI</subfield>
		<subfield code="t">0</subfield>
		<subfield code="m">Electronic access</subfield>
		<subfield code="s">01</subfield>
	</datafield>
	<datafield ind1=" " ind2=" " tag="999">
		<subfield code="a">2834968</subfield>
		<subfield code="s">princeton_aco004246:v.1</subfield>
		<subfield code="s">princeton_aco004192:v.2</subfield>
		<subfield code="s">princeton_aco004247:v.3</subfield>
		<subfield code="s">princeton_aco004248:v.4</subfield>
	</datafield>
	<datafield ind1=" " ind2=" " tag="979">
		<subfield code="a">(OCoLC)ocn178128429</subfield>
	</datafield>
	<datafield ind1=" " ind2="0" tag="866">
		<subfield code="0">3147425</subfield>
		<subfield code="8">0</subfield>
		<subfield code="a">v.1-4</subfield>
	</datafield>
	<datafield ind1=" " ind2=" " tag="959">
		<subfield code="a">2003-03-19 08:30:00 -0500</subfield>
	</datafield>
</record>
